@TechReport{EPA:2006,
	author = {{U.S. Environmental Protection Agency}}, 
	year = 2006,
	title = "Wadeable {S}treams {A}ssessment: A Collaborative Survey of the Nation's
	         Streams", 
	note = "EPA 841-B-06-002", 
	institution = "U.S. Environmental Protection Agency, Office of Research and Development and
	               Office of Water"
}

@TechReport{EPA:2009,
	author = {{U.S. Environmental Protection Agency}}, 
	year = 2009,
	title = "National {L}akes {A}ssessment: A Collaborative Survey of the Nation's
	         Lakes", 
	note = "EPA 841-R-09-001", 
	institution = "U.S. Environmental Protection Agency, Office of Water and
	               Office of Research and Development"
}

@TechReport{EPA:2015a,
	author = {{U.S. Environmental Protection Agency}}, 
	year = 2015,
	title = "National {C}oastal {C}ondition {A}ssessment 2010", 
	note = "EPA 841-R-15-006", 
	institution = "U.S. Environmental Protection Agency, Office of Water and
	               Office of Research and Development"
}

@TechReport{EPA:2015b,
	author = {{U.S. Environmental Protection Agency}}, 
	year = 2015,
	title = "National {W}etland {C}ondition {A}ssessment 2011: A Collaborative
	         Survey of the Nation's Wetlands", 
	note = "EPA 843-R-15-005", 
	institution = "U.S. Environmental Protection Agency, Office of Wetlands,
	               Oceans and Watersheds and Office of Research and Development"
}

@TechReport{EPA:2016a,
	author = {{U.S. Environmental Protection Agency}}, 
	year = 2016,
	title = "National {R}ivers and {S}treams {A}ssessment 2008-2009: A
	         Collaborative Survey", 
	note = "EPA 841-R-16-007", 
	institution = "U.S. Environmental Protection Agency, Office of Water and
	               Office of Research and Development"
}

@TechReport{EPA:2016b,
	author = {{U.S. Environmental Protection Agency}}, 
	year = 2016,
	title = "National {L}akes {A}ssessment 2012: A Collaborative Survey of Lakes
	         in the United States", 
	note = "EPA 841-R-16-113", 
	institution = "U.S. Environmental Protection Agency, Office of Water and
	               Office of Research and Development"
}

@Article{Horvitz+Thompson:1952,
  author = "D. G. Horvitz and D. J. Thompson",
  title = "A generalization of sampling without replacement from a finite
           universe",
  journal = "Journal of the American Statistical Association",
  year = 1952,
  volume = 47,
  pages = "663--685"
}

@InProceedings{Kincaid:2000,
  author = "Thomas M. Kincaid",
  title = "Testing for differences between cumulative distribution functions
              from complex environmental sampling surveys",
  booktitle = "Proceeding of the Section on Statistics and the Environment",
  year = 2000,
  organization = "American Statistical Association",
  address = "Alexandria, VA"
}

@InProceedings{Kincaid+Olsen:2012, 
	author = "Thomas M. Kincaid and Anthony R. Olsen", 
	title = "Survey analysis in natural resource monitoring programs with a
	           focus on cumulative distribution functions", 
  pages = "313--324",
	booktitle = "Design and Analysis of Long-term Ecological Monitoring Studies", 
	editor = "Robert A. Gitzen and Joshua J. Millspaugh and Andrew B. Cooper and
	          Daniel S. Licht", 
	year = 2012, 
	publisher = "Cambridge University Press",
}

@InProceedings{Olsen+Others:2012, 
	author = "Anthony R. Olsen, Thomas M. Kincaid and Quinn Payton", 
	title = "Spatially balanced survey designs for natural resources", 
  pages = "126--150",
	booktitle = "Design and Analysis of Long-term Ecological Monitoring Studies", 
	editor = "Robert A. Gitzen and Joshua J. Millspaugh and Andrew B. Cooper and
	          Daniel S. Licht", 
	year = 2012, 
	publisher = "Cambridge University Press",
}
@Article{Omernik:1987,
  author = "J. M. Omernik",
  title = "Ecoregions of the conterminous United States",
  journal = "Annals of the Association of American Geographers",
  year = 1987,
  volume = 77,
  pages = "118--125"
}

@Article{Rao+Scott:1981,
  author = "J. N. K. Rao and A. J. Scott",
  title = "The analysis of categorical data from complex sample surveys:
           chi-squared tests for goodness of fit and independence in two-way
           tables",
  journal = "Journal of the American Statistical Association",
  year = 1981,
  volume = 76,
  pages = "221--230"
}

@Article{Rao+Thomas:1988,
  author = "J. N. K. Rao and D. Roland Thomas",
  title = "The analysis of cross-classified categorical data from complex sample
           surveys",
  journal = "Sociological Methodology",
  year = 1988,
  volume = 18,
  pages = "213--269"
}

@Article{Scott:1985,
  author = "D. W. Scott",
  title = "Averaged shifted histograms: effective nonparametric density
           estimators in several dimensions",
  journal = "Annals of Statistics",
  year = 1985,
  volume = 13,
  pages = "1024--1040"
}

@Article{Stefansky+Bay:1996,
  author = "F. A. Stefansky and J. M. Bay",
  title = "Simulation extrapolation deconvolution of finite population
           cumulative distribution function estimators",
  journal = "Biometrika",
  year = 1996,
  volume = 83,
  pages = "407--417"
}

@Article{Stevens+Olsen:2003,
  author = "D. L. Stevens and A. R. Olsen",
  title = "Variance estimation for spatially balanced samples of environmental
           resources",
  journal = "Environmetrics",
  year = 2003,
  volume = 14,
  pages = "593--610"
}

@Article{Thomas:1996,
  author = "D. Roland Thomas and G. R. Roberts and A. C. Singh",
  title = "Tests of independence on two-way tables under cluster sampling",
  journal = "International Statistical Review",
  year = 1996,
  volume = 64,
  pages = "295--311"
}

@Article{VanSickle:2006,
  author = "John {Van Sickle} and John L. Stoddard and
            Steven G. Paulsen and Anthony R. Olsen",
  title = "Using relative risk to compare the effects of aquatic stressors at
           a regional scale",
  journal = "Environmental Management",
  year = 2006,
  volume = 38,
  pages = "1020--1030"
}

@Article{VanSickle+Paulsen:2008,
  author = "John {Van Sickle} and Steven G. Paulsen",
  title = "Assessing the attributable risks, relative risks, and regional
           extents of aquatic stressors",
  journal = "Journal of the North American Benthological Society",
  year = 2008,
  volume = 27,
  pages = "920--931"
}

@Article{Wald:1943,
  author = "A. Wald",
  title = "Tests of statistical hypotheses concerning several parameters when
           the number of observations is large",
  journal = "Transactions of the American Mathematical Society",
  year = 1943,
  volume = 54,
  pages = "426--482"
}
